<?xml version="1.0" encoding="UTF-8"?><collection xmlns="http://www.loc.gov/MARC21/slim"><record><leader>00327nam--2200121-i-4500</leader><controlfield tag="001">000040426</controlfield><controlfield tag="002">20161230</controlfield><controlfield tag="005">20161230201042</controlfield><controlfield tag="008">060222s1000------------r-----000-0-eng-d</controlfield><datafield ind1=" " ind2=" " tag="080"><subfield code="a">621.039.577</subfield></datafield><datafield ind1=" " ind2=" " tag="245"><subfield code="a">Sbornik praci zavodu jaderne elektrarny oboroveho podniku skoda plzen</subfield></datafield><datafield ind1=" " ind2=" " tag="260"><subfield code="a">Plzen, Skoda, 1967. 223 P</subfield></datafield><datafield ind1=" " ind2=" " tag="852"><subfield code="a">27610</subfield></datafield></record></collection>